%% This BibTeX bibliography file was created using BibDesk.
%% https://bibdesk.sourceforge.io/

%% Created for Aron, Jordan (NIH/NCI) [F] at 2024-03-25 17:00:56 -0400 


%% Saved with string encoding Unicode (UTF-8) 



@article{Baum1970,
	author = {Leonard E. Baum and Ted Petrie and George Soules and Norman Weiss},
	issn = {00034851},
	journal = {The Annals of Mathematical Statistics},
	number = {1},
	pages = {164--171},
	publisher = {Institute of Mathematical Statistics},
	title = {A Maximization Technique Occurring in the Statistical Analysis of Probabilistic Functions of Markov Chains},
	url = {http://www.jstor.org/stable/2239727},
	volume = {41},
	year = {1970},
	bdsk-url-1 = {http://www.jstor.org/stable/2239727}}
