@article{izenman1991,
  title={Review papers: Recent developments in nonparametric density estimation},
  author={Izenman, Alan Julian},
  journal={Journal of the american statistical association},
  volume={86},
  number={413},
  pages={205--224},
  year={1991},
  publisher={Taylor \& Francis}
}

@article{Baum1970,
 ISSN = {00034851},
 URL = {http://www.jstor.org/stable/2239727},
 author = {Leonard E. Baum and Ted Petrie and George Soules and Norman Weiss},
 journal = {The Annals of Mathematical Statistics},
 number = {1},
 pages = {164--171},
 publisher = {Institute of Mathematical Statistics},
 title = {A Maximization Technique Occurring in the Statistical Analysis of Probabilistic Functions of Markov Chains},
 volume = {41},
 year = {1970}
}

@article{Altman2007,
author = {Rachel MacKay Altman},
title = {Mixed Hidden Markov Models},
journal = {Journal of the American Statistical Association},
volume = {102},
number = {477},
pages = {201-210},
year = {2007},
publisher = {Taylor & Francis},
doi = {10.1198/016214506000001086},
URL = { https://doi.org/10.1198/016214506000001086},
eprint = { https://doi.org/10.1198/016214506000001086}
}

@article{Maruotti2011,
 ISSN = {03067734, 17515823},
 URL = {http://www.jstor.org/stable/41305059},
 author = {Antonello Maruotti},
 journal = {International Statistical Review / Revue Internationale de Statistique},
 number = {3},
 pages = {427--454},
 publisher = {International Statistical Institute (ISI)},
 title = {Mixed Hidden Markov Models for Longitudinal Data: An Overview},
 urldate = {2023-12-18},
 volume = {79},
 year = {2011}
}

